<record><leader>00000cas a22000007a 4500</leader><controlfield tag="001">28689353</controlfield><controlfield tag="008">930824d18uu19uumouar ne      0    0eng d</controlfield><datafield ind1=" " ind2=" " tag="010"><subfield code="a">sn 93060336 </subfield></datafield><datafield ind1=" " ind2=" " tag="040"><subfield code="a">MQN</subfield><subfield code="b">eng</subfield><subfield code="c">MQN</subfield><subfield code="d">OCL</subfield><subfield code="d">OCLCQ</subfield><subfield code="d">OCLCF</subfield><subfield code="d">OCLCO</subfield><subfield code="d">OCLCA</subfield></datafield><datafield ind1="1" ind2=" " tag="029"><subfield code="a">AU@</subfield><subfield code="b">000025864528</subfield></datafield><datafield ind1=" " ind2=" " tag="042"><subfield code="a">msc</subfield></datafield><datafield ind1=" " ind2=" " tag="043"><subfield code="a">n-us-mo</subfield></datafield><datafield ind1="0" ind2=" " tag="130"><subfield code="a">Sunday School annual (Peirce City, Mo.)</subfield></datafield><datafield ind1="1" ind2="4" tag="245"><subfield code="a">The Sunday School annual.</subfield></datafield><datafield ind1=" " ind2=" " tag="260"><subfield code="a">Peirce City, Lawrence County, Mo. :</subfield><subfield code="b">Lawrence County Sunday School Association.</subfield></datafield><datafield ind1=" " ind2=" " tag="300"><subfield code="a">v.</subfield></datafield><datafield ind1=" " ind2=" " tag="310"><subfield code="a">Annual</subfield></datafield><datafield ind1=" " ind2=" " tag="550"><subfield code="a">Published in conjuction with the Lawrence County Sunday School Convention.</subfield></datafield><datafield ind1=" " ind2=" " tag="588"><subfield code="a">Description based on: Vol. 16, no. 1 (summer 1896).</subfield></datafield><datafield ind1=" " ind2="0" tag="650"><subfield code="a">Sunday school conventions</subfield><subfield code="z">Missouri</subfield><subfield code="v">Newspapers.</subfield></datafield><datafield ind1=" " ind2="7" tag="655"><subfield code="a">Newspapers.</subfield><subfield code="2">fast</subfield><subfield code="0">(OCoLC)fst01423814</subfield></datafield><datafield ind1=" " ind2="7" tag="650"><subfield code="a">Sunday school conventions.</subfield><subfield code="2">fast</subfield><subfield code="0">(OCoLC)fst01138635</subfield></datafield><datafield ind1=" " ind2="7" tag="651"><subfield code="a">Missouri.</subfield><subfield code="2">fast</subfield><subfield code="0">(OCoLC)fst01204724</subfield></datafield><datafield ind1=" " ind2=" " tag="752"><subfield code="a">United States</subfield><subfield code="b">Missouri</subfield><subfield code="c">Lawrence</subfield><subfield code="d">Peirce City.</subfield></datafield><datafield ind1="0" ind2="0" tag="780"><subfield code="t">Association annual (Lawrence County, Mo.)</subfield><subfield code="w">(DLC)sn 93060337</subfield></datafield></record>